<record><leader>00000cas a22000007a 4500</leader><controlfield tag="001">9354879</controlfield><controlfield tag="008">830329d1983200uwiuwr ne      0   a0eng d</controlfield><datafield ind1=" " ind2=" " tag="010"><subfield code="a">sn 83007222 </subfield></datafield><datafield ind1=" " ind2=" " tag="040"><subfield code="a">NSD</subfield><subfield code="b">eng</subfield><subfield code="c">NSD</subfield><subfield code="d">NPV</subfield><subfield code="d">NSD</subfield><subfield code="d">OCLCQ</subfield></datafield><datafield ind1=" " ind2=" " tag="012"><subfield code="j">0</subfield><subfield code="m">d</subfield></datafield><datafield ind1="1" ind2=" " tag="022"><subfield code="a">0745-6646</subfield><subfield code="l">0745-6646</subfield><subfield code="2">1</subfield></datafield><datafield ind1="1" ind2=" " tag="029"><subfield code="a">AU@</subfield><subfield code="b">000020398532</subfield></datafield><datafield ind1=" " ind2=" " tag="037"><subfield code="b">Community Herald, 6041 Monona Dr., Monona, WI, 53716</subfield></datafield><datafield ind1=" " ind2=" " tag="042"><subfield code="a">nsdp</subfield></datafield><datafield ind1=" " ind2=" " tag="045"><subfield code="a">w8--</subfield></datafield><datafield ind1=" " ind2=" " tag="052"><subfield code="a">4123</subfield><subfield code="b">D3</subfield></datafield><datafield ind1="0" ind2=" " tag="130"><subfield code="a">Community herald (Monona, Wis.)</subfield></datafield><datafield ind1=" " ind2="4" tag="222"><subfield code="a">The Community herald</subfield><subfield code="b">(Monona, Wis.)</subfield></datafield><datafield ind1="0" ind2="4" tag="245"><subfield code="a">The community herald.</subfield></datafield><datafield ind1=" " ind2=" " tag="260"><subfield code="a">Monona, Wis. :</subfield><subfield code="b">D. Huibregtse,</subfield><subfield code="c">1983-</subfield></datafield><datafield ind1=" " ind2=" " tag="300"><subfield code="a">v. :</subfield><subfield code="b">ill.</subfield></datafield><datafield ind1=" " ind2=" " tag="310"><subfield code="a">Weekly</subfield></datafield><datafield ind1="0" ind2=" " tag="362"><subfield code="a">Vol. 15, no. 32 (Mar. 9, 1983)-</subfield></datafield><datafield ind1=" " ind2=" " tag="500"><subfield code="a">On masthead: "serving the city of Monona, southeast Madison and Cottage Grove."</subfield></datafield><datafield ind1=" " ind2=" " tag="530"><subfield code="a">Available on microfilm from The State Historical Society of Wisconsin.</subfield></datafield><datafield ind1=" " ind2=" " tag="500"><subfield code="a">Editor: J. Freitag, Mar. 1983-</subfield></datafield><datafield ind1=" " ind2=" " tag="752"><subfield code="a">United States</subfield><subfield code="b">Wisconsin</subfield><subfield code="c">Dane</subfield><subfield code="d">Monona.</subfield></datafield><datafield ind1=" " ind2=" " tag="752"><subfield code="a">United States</subfield><subfield code="b">Wisconsin</subfield><subfield code="c">Dane</subfield><subfield code="d">Madison.</subfield></datafield><datafield ind1=" " ind2=" " tag="752"><subfield code="a">United States</subfield><subfield code="b">Wisconsin</subfield><subfield code="c">Dane</subfield><subfield code="d">Cottage Grove.</subfield></datafield><datafield ind1="0" ind2="0" tag="780"><subfield code="t">Monona community herald</subfield><subfield code="w">(DLC)sn 85040550</subfield></datafield><datafield ind1="0" ind2="0" tag="785"><subfield code="t">Herald-Independent (Monona, Wis.)</subfield><subfield code="x">1535-7392</subfield><subfield code="w">(DLC)  2001211697</subfield></datafield></record>